<record><leader>00000cas a2200000 a 4500</leader><controlfield tag="001">11296902</controlfield><controlfield tag="008">841023d181618uualuwr ne      0    0eng  </controlfield><datafield ind1=" " ind2=" " tag="010"><subfield code="a">sn 84020643 </subfield></datafield><datafield ind1=" " ind2=" " tag="040"><subfield code="a">DLC</subfield><subfield code="b">eng</subfield><subfield code="c">DLC</subfield><subfield code="d">YOX</subfield><subfield code="d">KNP</subfield><subfield code="d">IUL</subfield><subfield code="d">DLC</subfield><subfield code="d">MBN</subfield><subfield code="d">DLC</subfield><subfield code="d">OBN</subfield><subfield code="d">OCL</subfield><subfield code="d">DLC</subfield><subfield code="d">KRTAS</subfield><subfield code="d">DLC</subfield><subfield code="d">OCLCQ</subfield><subfield code="d">OCLCF</subfield></datafield><datafield ind1=" " ind2=" " tag="042"><subfield code="a">pcc</subfield></datafield><datafield ind1=" " ind2=" " tag="043"><subfield code="a">n-us-al</subfield></datafield><datafield ind1="0" ind2="0" tag="050"><subfield code="a">Newspaper</subfield></datafield><datafield ind1="0" ind2=" " tag="130"><subfield code="a">Huntsville gazette (Huntsville, Ala. : 1816)</subfield></datafield><datafield ind1="1" ind2="0" tag="245"><subfield code="a">Huntsville gazette.</subfield></datafield><datafield ind1=" " ind2=" " tag="260"><subfield code="a">Huntsville, M[iss.] T[err., Ala.] :</subfield><subfield code="b">J.B. Hood</subfield></datafield><datafield ind1=" " ind2=" " tag="300"><subfield code="a">v.</subfield></datafield><datafield ind1=" " ind2=" " tag="310"><subfield code="a">Weekly</subfield></datafield><datafield ind1="1" ind2=" " tag="362"><subfield code="a">Began in 1816.</subfield></datafield><datafield ind1=" " ind2=" " tag="530"><subfield code="a">Available on microfilm from Readex Microprint Corp.</subfield></datafield><datafield ind1=" " ind2=" " tag="588"><subfield code="a">Description based on: Vol. 1, no. 25 (Dec. 21, 1816).</subfield></datafield><datafield ind1=" " ind2="0" tag="651"><subfield code="a">Huntsville (Ala.)</subfield><subfield code="v">Newspapers.</subfield></datafield><datafield ind1=" " ind2="0" tag="651"><subfield code="a">Madison County (Ala.)</subfield><subfield code="v">Newspapers.</subfield></datafield><datafield ind1=" " ind2="7" tag="655"><subfield code="a">Newspapers.</subfield><subfield code="2">fast</subfield><subfield code="0">(OCoLC)fst01423814</subfield></datafield><datafield ind1=" " ind2="7" tag="651"><subfield code="a">Alabama</subfield><subfield code="z">Huntsville.</subfield><subfield code="2">fast</subfield><subfield code="0">(OCoLC)fst01205426</subfield></datafield><datafield ind1=" " ind2="7" tag="651"><subfield code="a">Alabama</subfield><subfield code="z">Madison County.</subfield><subfield code="2">fast</subfield><subfield code="0">(OCoLC)fst01204324</subfield></datafield><datafield ind1=" " ind2=" " tag="752"><subfield code="a">United States</subfield><subfield code="b">Alabama</subfield><subfield code="c">Madison</subfield><subfield code="d">Huntsville.</subfield></datafield><datafield ind1=" " ind2=" " tag="938"><subfield code="a">Kirtas Technologies, Inc.</subfield><subfield code="b">KRTS</subfield><subfield code="n">738849</subfield></datafield></record>